@book{cormen,
 author   = {Thomas Cormen and Charles Leiserson and Ronald Rivest and Clifford Stein},
 title    = {Introduction to Algorithms},
 edition  = {terceira},
 publisher= {The MIT Press},
 year     = {2009},
}

@phdthesis{franco,
 author   = {Alvaro Junio Pereira Franco},
 title    = {Consultas de segmentos em janelas: algoritmos e estruturas de dados},
 school   = {Instituto de Matemática e Estatística, Universidade de São Paulo, Brasil},
 year     = {2009},
}

@misc{code1,
  author       = {Oleksandr Bacherikov}, 
  title        = {Efficient and easy segment trees},
  howpublished = {\url{https://codeforces.com/blog/entry/18051}},
  year         = 2014,
}

@misc{code2,
  author       = {AmirMohammad Dehghan}, 
  title        = {Everything About Segment Trees},
  howpublished = {\url{https://codeforces.com/blog/entry/15890}},
  year         = 2014,
}

@book{pf,
 author   = {Paulo Feofiloff},
 title    = {Algoritmos em linguagem C},
 publisher= {Elsevier},
 year     = {2008},
}
